% Programming frameworks
@book{Flare,
  author = "",
  title = "Flare",
  year = "2015",
  publisher = "\url{http://flare.prefuse.org}",
}
@book{Processing,
  author = "",
  title = "Processing",
  year = "2015",
  publisher = "\url{http://processing.org}",
}

@book{Victor,
  author = "B. Victor",
  title = "Drawing Dynamic Visualizations",
  year = "2015",
  publisher = "\url{http://vimeo.com/66085662}",
}

@book{ProtoVisJS,
  author = "",
  title = "ProtoVis-JS",
  year = "2015",
  publisher = "\url{http://mbostock.github.io/protovis}",
}

%Recently, Bret Victor demonstrated a data-driven drawing
%tool [Vic13] that combines geometric constraints with imperative
%procedures over data. Alongside an interactive canvas
%and data table viewer, the tool includes programming
%structures with lexical scope and control flow via loops and
%conditionals. To form a basic bar chart, designers must define
%loops to create and position each bar. The tool supports purely geometric constructions, rendering some layouts inexpressible.
%Lyra combines manipulation of marks with a
%declarative approach to design [HB10]. When a designer
%associates a mark with a data set, Lyra instantiates a mark
%instance for each datum; control flows such as loops are implicit.
%More advanced algorithms, such as layout routines,
%are accessible as part of a graphical data pipeline.
%In contrast, Protovis [BH09] and D3 [BOH11] are
%grammar-based systems in which the properties of graphical
%marks such as bars, lines, arcs, and text labels are parameterized
%as functions of an underlying data set. Any number
%of mark instances, backed by one or more data sets,
%are composed to form a graphic. Protovis [BH09, HB10]
%demonstrates how a lexicon of basic mark types can support
%a diversity of visualization designs. D3 (Data-Driven Documents)
%[BOH11] applies a similar model directly to elements
%of a web page¡¯s Document Object Model. Data elements are
%associated with graphical objects via a relational join operation;
%as data changes objects may enter, exit, or update in the
%display [HB10,BOH11]. Custom property definitions can be
%defined and animated across each of these phases. However,
%both of these tools require JavaScript programming

@book{ProcessingJS,
  author = "",
  title = "Processing.js",
  year = "2015",
  publisher = "\url{http://processingjs.org}",
}

@article{Viegas:2007:TVCG,
  author = "F. B. Viegas and M. Wattenberg and F. van Ham and J. Kriss and M. McKeon",
  title = "{Manyeyes: a site for visualization at internet scale}",
  year = "2007",
  month = "Nov",
  journal = "IEEE Transactions on Visualization and Computer Graphics",
  volume = "13",
  number = "6",
  pages = "1121¨C1128",
}


@inproceedings{Weaver:2004:VIS,
  author = "C. Weaver",
  title = "Building highly-coordinated visualizations in improvise",
  year = "2004",
  booktitle = "IEEE Symposium on Information Visualization",
  pages = "336-343",
}



@inproceedings{Haeberli:1988:SIG,
  author = "P. E. Haeberli",
  title = "{Conman: a visual programming language for interactive
graphics}",
  year = "1988",
  booktitle = "Proceedings of ACM SIGGRAPH",
  pages = "103-111",
}


@inproceedings{Fekete:2004:VIS,
  author = "J. Fekete",
  title = "The infovis toolkit",
  year = "2004",
  booktitle = "IEEE Symposium on Information Visualization",
  pages = "167-174",
}
@inproceedings{Heer:2005:CHI,
  author = "J. Heer and S. K. Card and J. A. Landay",
  title = "Prefuse: a toolkit for interactive
information visualization",
  year = "2005",
  booktitle = "ACM SIGCHI",
  pages = "421-430",
}


@article{Heer:2009:TVCG,
  author = "M. Bostock and J. Heer",
  title = "{Protovis: A graphical toolkit for visualization}",
  year = "2009",
  month = "July",
  journal = "IEEE Transactions on Visualization and Computer Graphics",
  volume = "15",
  number = "6",
  pages = "1121-1128",
}

@article{Heer:2010:TVCG,
  author = "J. Heer and M. Bostock",
  title = "{Declarative language design for interactive visualization}",
  year = "2010",
  month = "July",
  journal = "IEEE Transactions on Visualization and Computer Graphics",
  volume = "16",
  number = "6",
  pages = "1149-1156",
}



@article{Heer:2011:TVCG,
  author = "M. Bostock and V. Ogievetsky and J. Heer",
  title = "{D3 data-driven documents}",
  year = "2011",
  month = "July",
  journal = "IEEE Transactions on Visualization and Computer Graphics",
  volume = "17",
  number = "12",
  pages = "2301-2309",
}

%Interactive environment
@article{Yuan:2014:TVCG,
  author = "Donghao Ren and  Tobias Hollerer and Xiaoru Yuan",
  title = "{iVisDesigner: Expressive Interactive Design of Information Visualizations}",
  year = "2014",
  journal = "IEEE Transactions on Visualization and Computer  Graphics",
  volume = "20",
  number = "12",
  pages = "2092-2101",
}

@article{Elmqvist:2009:TVCG,
  author = "B. McDonnel and N. Elmqvist",
  title = "{Towards Utilizing GPUs in Information Visualization: A Model and Implementation of Image-Space Operations}",
  year = "2009",
  journal = "IEEE Transactions on Visualization and Computer  Graphics",
  volume = "15",
  number = "6",
  pages = "1105-1112",
}


@article{Heer:2014:CGF,
  author = "A. Satyanarayan and J. Heer",
  title = "{Lyra: An interactive visualization design environment}",
  year = "2014",
  journal = "Computer Graphics Forum",
}

@article{Heer:2014:Ellipsis,
  author = "A. Satyanarayan and J. Heer",
  title = "{Authoring Narrative Visualizations with Ellipsis}",
  year = "2014",
  journal = "Computer Graphics Forum",
}


@inproceedings{Silva:2005:VIS,
  author = "L. Bavoil and S. Callahan and P. Crossno and J. Freire and C. Scheidegger and C. Silva and
 H. Vo",
  title = "{VisTrails: enabling interactive multiple-view visualizations}",
  year = "2005",
  booktitle = "IEEE Visualization",
  pages = "135-142",
}


%InfoVis interaction

@article{Wijk:2011:TVCG,
  author = "J. H. T. Claessen and J. J. van Wijk",
  title = "{Flexible linked axes for multivariate
data visualization}",
  year = "2011",
  month = "July",
  journal = "IEEE Transactions on Visualization and Computer Graphics",
  volume = "17",
  number = "12",
  pages = "2310-2316",
}

@inproceedings{Heer:2005:CHI,
  author = "J. Heer and F. B. Viegas and M.Wattenberg",
  title = "Voyagers and voyeurs: supporting
asynchronous collaborative information visualization",
  year = "2007",
  booktitle = "ACM SIGCHI",
  pages = "1029-1038",
}



@inproceedings{Myers:1994:CHI,
  author = "B. A. Myers and J. Goldstein and M. A. Goldberg",
  title = "Creating charts by demonstration",
  year = "1994",
  booktitle = "Proceedings of ACM SIGCHI",
  pages = "106-111",
}


@article{Lee:2013:TVCG,
  author = "B. Lee and R. Kazi and G. Smith",
  title = "{Sketchstory: Telling more engaging stories with data through freeform sketching}",
  year = "2013",
  month = "July",
  journal = "IEEE Transactions on Visualization and Computer Graphics",
  volume = "19",
  number = "12",
  pages = "2416-2425",
}


%VIS Foundation

@article{Silva:2008:TVCG,
  author = "David Koop and Carlos E. Scheidegger and Steven P. Callahan and Huy T. Vo and Juliana Freire and Claudio T. Silva",
  title = "{VisComplete: Automating Suggestions for Visualization Pipelines}",
  year = "2008",
  journal = "IEEE Transactions on Visualization and Computer Graphics",
  volume = "14",
  number = "6",
  pages = "1691-1698",
}

@article{Silva:2008:TVCG,
  author = "Emanuele Santos and Lauro Lins and James Ahrens and Juliana Freire and Claudio Silva",
  title = "{VisMashup: Streamlining the Creation of Custom Visualization Applications}",
  year = "2009",
  journal = "IEEE Transactions on Visualization and Computer Graphics",
  volume = "15",
  number = "6",
  pages = "1539-1546",
}

@inproceedings{Card:1997:VIS,
  author = "S. K. Card and J. Mackinlay",
  title = "The structure of the information visualization
design space",
  year = "1997",
  booktitle = "IEEE Symposium on Information Visualization",
  pages = "92-97",
}

@inproceedings{Shneiderman:1996:VL,
  author = "B. Shneiderman",
  title = "The eyes have it: A task by data type taxonomy for information
visualizations",
  year = "1996",
  booktitle = "IEEE Symposium on Visual Languages",
  pages = "336-343",
}


@inproceedings{Card:1997:VIS,
  author = "E. H.-H. Chi and P. Barry and J. Riedl and J. Konstan",
  title = "A spreadsheet approach to information visualization",
  year = "1997",
  booktitle = "IEEE Symposium on Information Visualization",
  pages = "17-24",
}

@book{Wilkinson:Grammar,
  author = "L. Wilkinson",
  title = "The grammar of graphics",
  year = 2005,
  publisher = "Springer",
}

@book{Munzner:VAD,
  author = "Tamara Munzner",
  title = "Visualization Analysis and Design",
  year = 2014,
  publisher = "CRC Press",
}


@book{Card:1999,
  author = "S. K. Card and  J. D. Mackinlay and B. Shneiderman",
  title = "Readings in Information Visualization: Using Vision to Think",
  year = 1999,
  publisher = "Morgan Kaufmann",
}


@inproceedings{Haber:1990:VIS,
  author = "R. B. Haber and D. A. McNabb",
  title = "Visualization idioms: A conceptual model for scientific visualization systems",
  year = "1990",
  booktitle = "Proceedings of EEE Visualization in Scientific Computing",
  pages = "74-93",
}


@inproceedings{Chi:2000,
  author = "E. H Chi",
  title = "A Taxonomy of Visualization Techniques using the Data State Reference Model",
  year = "2000",
  booktitle = "IEEE Symposium on Information Visualization",
  pages = "69-75",
}


@article{Mackinlay:1986:TOG,
  author = "J. Mackinlay",
  title = "{Automating the design of graphical presentations of relational
information}",
  year = "1986",
  month = "July",
  journal = "ACM Transactions Graphics",
  volume = "5",
  number = "2",
  pages = "110-141",
}

@inproceedings{Elmqvist:2012:PVIS,
  author = "W. Javed and N. Elmqvist",
  title = "Exploring the design space of composite visualization",
  year = "2012",
  booktitle = "IEEE Pacific Visualization Symposium",
  pages = "1-8",
}



%GPU programming

@article{Rieder:2011:CGF,
  author = "Christian Rieder and Stephan Palmer and Florian Link and Horst K. Hahn",
  title = "{A Shader Framework for Rapid Prototyping of GPU-based Volume Rendering}",
  year = "2011",
  month = "July",
  journal = "Computer Graphics Forum",
  volume = "30",
  number = "3",
  pages = "1031-1040",
}


@book{RTVG,
  author = "Klaus Engel and Joe M. Kniss and  Markus Hadwiger and  Christof Rezk-Salama and Daniel Weiskopf",
  title = "Real-time Volume Graphics",
  year = 2006,
  publisher = "AK Peters",
}


@book{OpenGLSL,
  author = "Randi J. Rost",
  title = "{OpenGL Shading Language (3rd Edition)}",
  year = 2009,
  publisher = "Addison-Wesley",
}


@book{RenderMan,
  author = "Rudy Cortes and Saty Raghavachary",
  title = "The RenderMan Shading Language Guide",
  year = 2007,
  publisher = "Course Technology PTR",
}


@book{Vega,
  author = "Trifacta",
  title = "The vega visualization grammar",
  year = "2015",
  publisher = "\url{http://trifacta.github.io/vega}",
}


@inproceedings{RenderMonkey,
  author = "Natalya Tatarchuk",
  title = "{RenderMonkey: An Effective Environment for Shader Prototyping
and Development}",
  year = "2004",
  booktitle = "Proceedings of ACM SIGGRAPH Sketch",
}

@inproceedings{FXComposer,
  author = "Ignacio Castno and Daniel Horowitz",
  title = "{State of the Art Cross Platform Shader Development with FX Composer 2}",
  year = "2006",
  booktitle = "Proceedings of ACM SIGGRAPH Courses",
}


@misc{IrisDataset,
  title = "Iris Data Set, \url{http://archive.ics.uci.edu/ml/datasets/Iris}. (last accessed: 2015.03.31)"
}

@misc{CountriesDataset,
  title = "Countries and dependencies by population, \url{http://en.wikipedia.org/wiki/List\_of\_countries\_and\_dependencies\_by\_population}. (last accessed: 2015.03.31)"
}

@misc{CompanyDataset,
  title = "Public Company Bankruptcy Cases Opened and Monitored for Fiscal Year 2009, \url{http://catalog.data.gov/dataset/public-company-bankruptcy-cases-opened-and-monitored-for-fiscal-year-2009}. (last accessed: 2015.03.31)"
}

@misc{LesDataset,
  title = "Victor Hugo's Les Mis\'{e}rables, \url{http://bl.ocks.org/mbostock/4062045}. (last accessed: 2015.03.31)"
}

@misc{FlareDataset,
  title = "Flare Class Hierarchy, \url{http://bl.ocks.org/mbostock/4063269}. (last accessed: 2015.03.31)"
}

@misc{AutoDataset,
  title = "Auto-MPG Data, \url{https://archive.ics.uci.edu/ml/datasets/Auto+MPG}. (last accessed: 2015.03.31)"
}

@article{yuan2009scattering,
  title={Scattering points in parallel coordinates},
  author={Yuan, Xiaoru and Guo, Peihong and Xiao, He and Zhou, Hong and Qu, Huamin},
  journal={Visualization and Computer Graphics, IEEE Transactions on},
  volume={15},
  number={6},
  pages={1001--1008},
  year={2009},
  publisher={IEEE}
}


%http://docs.unity3d.com/Manual/UnityBasics.html


%[11] CMU StatLib. Car data. http://lib.stat.cmu.edu/datasets/cars.data.
%[12] T. H. Fay. The butterfly curve. The American Mathematical Monthly,
%96(5):pp. 442¨C443, 1989.

%[14] A. G. Forbes, T. Hollerer, and G. Legrady. ¡°behaviorism¡±: a framework
%for dynamic data visualization. Visualization and Computer Graphics,
%IEEE Transactions on, 16(6):1164¨C1171, 2010.
%[15] D. Foulser. Iris explorer: A framework for investigation. ACM SIGGRAPH
%Computer Graphics, 29(2):13¨C16, 1995.
%[16] T. M. J. Fruchterman and E. M. Reingold. Graph drawing by forcedirected
%placement. Software-Practice and Experience, 21(11):1129¨C
%1164, 1991.
%[17] L. Grammel, C. Bennett, M. Tory, and M.-A. Storey. A survey of visualization
%construction user interfaces. In EuroVis-Short Papers, pages
%19¨C23. The Eurographics Association, 2013.
%[18] H. Guo, N. Mao, and X. Yuan. Wysiwyg (what you see is what you
%get) volume visualization. Visualization and Computer Graphics, IEEE
%Transactions on, 17(12):2106¨C2114, Dec. 2011.



%[27] S. F. Roth, J. Kolojejchick, J.Mattis, and J. Goldstein. Interactive graphic
%design using automatic presentation knowledge. In Proceedings of the
%SIGCHI conference on Human factors in computing systems, pages 112¨C
%117. ACM, 1994.
%
%[29] H.-J. Schulz, Z. Akbar, and F. Maurer. A generative layout approach
%for rooted tree drawings. In Visualization Symposium (PacificVis), 2013
%IEEE Pacific, pages 225¨C232, Feb 2013.

%[35] J. Walny, B. Lee, P. Johns, N. Riche, and S. Carpendale. Understanding
%pen and touch interaction for data exploration on interactive whiteboards.
%Visualization and Computer Graphics, IEEE Transactions on,
%18(12):2779¨C2788, 2012.

%@mastersthesis{kindlmann:1999:SAG,
%  author = "Gordon Kindlmann",
%  title = "Semi-Automatic Generation of Transfer Functions for Direct Volume Rendering",
%  school = "Cornell University",
%  year = 1999,
%}
%
%@phdthesis{levoy:1989:DSV,
%  author = "Marc Levoy",
%  title = "Display of Surfaces from Volume Data",
%  school = "University of North Carolina at Chapel Hill",
%  year = 1989,
%}
